@misc{RobinsonVR,
    title={Robinson: The Journey},
    author={{Crytek}},
    howpublished={Video Game},
}

@misc{DragonAge,
    title={Dragon Age Origins},
    author={{Bioware}},
    howpublished={Video Game},
}

@misc{LastOfUs,
    title={The Last of Us},
    author={{Naughty Dog}},
    howpublished={Video Game},
}

@misc{Bioshock,
    title={Bioshock Infinite},
    author={{Irrational Games}},
    howpublished={Video Game},
}